@inproceedings{samsi2017linear,
  title={A linear algebra approach to fast DNA mixture analysis using GPUs},
  author={Samsi, Siddharth and Helfer, Brian and Kepner, Jeremy and Reuther, Albert and Ricke, Darrell O},
  booktitle={High Performance Extreme Computing Conference (HPEC), 2017 IEEE},
  pages={1--6},
  year={2017},
  organization={IEEE}
}

@book{gusfield1997algorithms,
  title={Algorithms on strings, trees and sequences: computer science and computational biology},
  author={Gusfield, Dan},
  year={1997},
  publisher={Cambridge university press}
}

@book{gentleman2006bioinformatics,
  title={Bioinformatics and computational biology solutions using R and Bioconductor},
  author={Gentleman, Robert and Carey, Vincent and Huber, Wolfgang and Irizarry, Rafael and Dudoit, Sandrine},
  year={2006},
  publisher={Springer Science \& Business Media}
}

@book{he2011mathematics,
  title={Mathematics of Bioinformatics: Theory, Methods and Applications},
  author={He, Matthew and Petoukhov, Sergey},
  volume={19},
  year={2011},
  publisher={John Wiley \& Sons}
}

@article{trelles2001parallelisation,
  title={On the parallelisation of bioinformatics applications},
  author={Trelles, Oswaldo},
  journal={Briefings in Bioinformatics},
  volume={2},
  number={2},
  pages={181--194},
  year={2001},
  publisher={Henry Stewart Publications}
}